@article{buttifield2009use,
  title={The use of motor learning in biomechanics: a call for more collaboration.},
  author={Buttifield, Alec and Ball, Kevin and MacMahon, Clare and others},
  journal={International Journal of Sport Psychology},
  volume={40},
  number={4},
  pages={603--615},
  year={2009},
  publisher={Edizioni Luigi Pozzi}
}

@article{camargo2021comprehensive,
  title={A comprehensive, open-source dataset of lower limb biomechanics in multiple conditions of stairs, ramps, and level-ground ambulation and transitions},
  author={Camargo, Jonathan and Ramanathan, Aditya and Flanagan, Will and Young, Aaron},
  journal={Journal of Biomechanics},
  volume={119},
  pages={110320},
  year={2021},
  publisher={Elsevier}
}

@article{erdemir2016open,
  title={Open knee: open source modeling and simulation in knee biomechanics},
  author={Erdemir, Ahmet},
  journal={The journal of knee surgery},
  volume={29},
  number={02},
  pages={107--116},
  year={2016},
  publisher={Thieme Medical Publishers}
}

@article{knudson2017confidence,
  title={Confidence crisis of results in biomechanics research},
  author={Knudson, Duane},
  journal={Sports biomechanics},
  volume={16},
  number={4},
  pages={425--433},
  year={2017},
  publisher={Taylor \& Francis}
}

@article{sainani2021call,
  title={Call to increase statistical collaboration in sports science, sport and exercise medicine and sports physiotherapy},
  author={Sainani, Kristin L and Borg, David N and Caldwell, Aaron R and Butson, Michael L and Tenan, Matthew S and Vickers, Andrew J and Vigotsky, Andrew D and Warmenhoven, John and Nguyen, Robert and Lohse, Keith R and others},
  journal={British journal of sports medicine},
  volume={55},
  number={2},
  pages={118--122},
  year={2021},
  publisher={BMJ Publishing Group Ltd and British Association of Sport and Exercise Medicine}
}